@article{Radz2017,
  author    = {Nicole M. Radziwill and
               Morgan C. Benton},
  title     = {Evaluating Quality of Chatbots and Intelligent Conversational Agents},
  journal   = {CoRR},
  volume    = {abs/1704.04579},
  year      = {2017},
  url       = {http://arxiv.org/abs/1704.04579},
  archivePrefix = {arXiv},
  eprint    = {1704.04579},
  timestamp = {Mon, 13 Aug 2018 16:46:08 +0200},
  biburl    = {https://dblp.org/rec/bib/journals/corr/RadziwillB17},
  bibsource = {dblp computer science bibliography, https://dblp.org}
}
@article{Li2016,
    author    = {Jiwei Li and
    Michel Galley and
    Chris Brockett and
    Jianfeng Gao and
    Bill Dolan},
    title     = {A Persona-Based Neural Conversation Model},
    journal   = {CoRR},
    volume    = {abs/1603.06155},
    year      = {2016},
    url       = {http://arxiv.org/abs/1603.06155},
    archivePrefix = {arXiv},
    eprint    = {1603.06155},
    timestamp = {Mon, 13 Aug 2018 16:48:30 +0200},
    biburl    = {https://dblp.org/rec/bib/journals/corr/LiGBGD16},
    bibsource = {dblp computer science bibliography, https://dblp.org}
}
@article{NMC2017,
    author    = {Huyen Nguyen and 
    David Morales and
    Tessera Chin},
    title     = {A Neural Chatbot with Personality},
    biburl    = {https://web.stanford.edu/class/archive/cs/cs224n/cs224n.1174/reports/2761115.pdf}
}
@article{Xing2018,
    author    = {Yujie Xing and
    Raquel Fern{\'{a}}ndez},
    title     = {Automatic Evaluation of Neural Personality-based Chatbots},
    journal   = {CoRR},
    volume    = {abs/1810.00472},
    year      = {2018},
    url       = {http://arxiv.org/abs/1810.00472},
    archivePrefix = {arXiv},
    eprint    = {1810.00472},
    timestamp = {Tue, 30 Oct 2018 10:49:09 +0100},
    biburl    = {https://dblp.org/rec/bib/journals/corr/abs-1810-00472},
    bibsource = {dblp computer science bibliography, https://dblp.org}
}
@article{LINH2019,
    author    = {Suzana Ilic and 
    Reiichiro Nakano and
    Ivo Hajnal},
    title     = {Designing dialogue systems: A mean, grumpy, sarcastic chatbot in the browser},
    biburl    = {https://arxiv.org/abs/1909.09531}
}
@article{QianHZXZ17,
    author    = {Qiao Qian and
    Minlie Huang and
    Haizhou Zhao and
    Jingfang Xu and
    Xiaoyan Zhu},
    title     = {Assigning personality/identity to a chatting machine for coherent
    conversation generation},
    journal   = {CoRR},
    volume    = {abs/1706.02861},
    year      = {2017},
    url       = {http://arxiv.org/abs/1706.02861},
    archivePrefix = {arXiv},
    eprint    = {1706.02861},
    timestamp = {Tue, 03 Sep 2019 20:11:19 +0200},
    biburl    = {https://dblp.org/rec/bib/journals/corr/QianHZXZ17},
    bibsource = {dblp computer science bibliography, https://dblp.org}
}
@article{ZhouHZZL17,
    author    = {Hao Zhou and
    Minlie Huang and
    Tianyang Zhang and
    Xiaoyan Zhu and
    Bing Liu},
    title     = {Emotional Chatting Machine: Emotional Conversation Generation with
    Internal and External Memory},
    journal   = {CoRR},
    volume    = {abs/1704.01074},
    year      = {2017},
    url       = {http://arxiv.org/abs/1704.01074},
    archivePrefix = {arXiv},
    eprint    = {1704.01074},
    timestamp = {Tue, 03 Sep 2019 20:11:19 +0200},
    biburl    = {https://dblp.org/rec/bib/journals/corr/ZhouHZZL17},
    bibsource = {dblp computer science bibliography, https://dblp.org}
}
@article{LiuLSNCP16,
    author    = {Chia{-}Wei Liu and
    Ryan Lowe and
    Iulian Vlad Serban and
    Michael Noseworthy and
    Laurent Charlin and
    Joelle Pineau},
    title     = {How {NOT} To Evaluate Your Dialogue System: An Empirical Study of
    Unsupervised Evaluation Metrics for Dialogue Response Generation},
    journal   = {CoRR},
    volume    = {abs/1603.08023},
    year      = {2016},
    url       = {http://arxiv.org/abs/1603.08023},
    archivePrefix = {arXiv},
    eprint    = {1603.08023},
    timestamp = {Mon, 13 Aug 2018 16:47:41 +0200},
    biburl    = {https://dblp.org/rec/bib/journals/corr/LiuLSNCP16},
    bibsource = {dblp computer science bibliography, https://dblp.org}
}
@article{Devlin2018,
    author    = {Jacob Devlin and
    Ming{-}Wei Chang and
    Kenton Lee and
    Kristina Toutanova},
    title     = {{BERT:} Pre-training of Deep Bidirectional Transformers for Language
    Understanding},
    journal   = {CoRR},
    volume    = {abs/1810.04805},
    year      = {2018},
    url       = {http://arxiv.org/abs/1810.04805},
    archivePrefix = {arXiv},
    eprint    = {1810.04805},
    timestamp = {Tue, 30 Oct 2018 20:39:56 +0100},
    biburl    = {https://dblp.org/rec/bib/journals/corr/abs-1810-04805},
    bibsource = {dblp computer science bibliography, https://dblp.org}
}
@article{SerbanLCP15,
    author    = {Iulian Vlad Serban and
    Ryan Lowe and
    Peter Henderson and
    Laurent Charlin and
    Joelle Pineau},
    title     = {A Survey of Available Corpora for Building Data-Driven Dialogue Systems},
    journal   = {CoRR},
    volume    = {abs/1512.05742},
    year      = {2015},
    url       = {http://arxiv.org/abs/1512.05742},
    archivePrefix = {arXiv},
    eprint    = {1512.05742},
    timestamp = {Mon, 13 Aug 2018 16:48:00 +0200},
    biburl    = {https://dblp.org/rec/bib/journals/corr/SerbanLCP15},
    bibsource = {dblp computer science bibliography, https://dblp.org}
}